% Encoding: UTF-8
@inproceedings{kabbani2014specification,
  title={Specification and enforcement of dynamic authorization policies oriented by situations},
  author={Kabbani, Bashar and others},
  booktitle={New Technologies, Mobility and Security (NTMS)},
  pages={1--6},
  year={2014},
  organization={IEEE}
}
@inproceedings{medvet2015evolutionary,
  title={Evolutionary inference of attribute-based access control policies},
  author={Medvet, Eric and Bartoli, Alberto and Carminati, Barbara and Ferrari, Elena},
  booktitle={International Conference on Evolutionary Multi-Criterion Optimization},
  pages={351--365},
  year={2015},
  organization={Springer}
}
@article{ardagna2010access,
  title={Access control for smarter healthcare using policy spaces},
  author={Ardagna, Claudio A and Di Vimercati, Sabrina De Capitani and Foresti, Sara and Grandison, Tyrone W and Jajodia, Sushil and Samarati, Pierangela},
  journal={Computers \& Security},
  volume={29},
  number={8},
  pages={848--858},
  year={2010},
  publisher={Elsevier}
}
@inproceedings{balasubramaniam2013white,
  title={A white-box policy analysis and its efficient implementation},
  author={Balasubramaniam, Jayalakshmi and Fong, Philip WL},
  booktitle={Proceedings of the 18th ACM symposium on Access control models and technologies},
  pages={149--160},
  year={2013},
  organization={ACM}
}
@inproceedings{ruj2011distributed,
  title={Distributed fine-grained access control in wireless sensor networks},
  author={Ruj, Sushmita and Nayak, Amiya and Stojmenovic, Ivan},
  booktitle={Parallel \& Distributed Processing Symposium (IPDPS)},
  pages={352--362},
  year={2011},
  organization={IEEE}
}
@article{ferreira2013log,
  title={Log analysis of human computer interactions regarding Break The Glass accesses to genetic reports},
  author={Ferreira, Ana},
  year={2013}
}
@incollection{petritsch2014generic,
  title={A generic break-glass model},
  author={Petritsch, Helmut},
  booktitle={Break-Glass},
  pages={37--50},
  year={2014},
  publisher={Springer}
}
@inproceedings{rostad2006study,
  title={A study of access control requirements for healthcare systems based on audit trails from access logs},
  author={Rostad, Lillian and Edsberg, Ole},
  booktitle={Computer Security Applications Conference, 2006. ACSAC'06. 22nd Annual},
  pages={175--186},
  year={2006},
  organization={IEEE}
}
@article{liu2017btg,
  title={BTG-BIBA: A Flexibility-Enhanced Biba Model Using BTG Strategies for Operating System},
  author={Liu, Gang and Wang, Can and Zhang, Runnan and Wang, Quan and Song, Huimin and Ji, Shaomin},
  journal={World Academy of Science, Engineering and Technology, International Journal of Computer, Electrical, Automation, Control and Information Engineering},
  volume={11},
  number={6},
  pages={766--772},
  year={2017}
}
@inproceedings{thi2017using,
  title={Using JSON to Specify Privacy Preserving-Enabled Attribute-Based Access Control Policies},
  author={Nguyet, Thi Que Tran and others},
  booktitle={International Conference on Security, Privacy and Anonymity in Computation, Communication and Storage},
  pages={561--570},
  year={2017},
  organization={Springer}
}
@inproceedings{georgiadis2001flexible,
  title={Flexible team-based access control using contexts},
  author={Georgiadis, Christos K and Mavridis, Ioannis and Pangalos, George and Thomas, Roshan K},
  booktitle={Proceedings of the sixth ACM symposium on Access control models and technologies},
  pages={21--27},
  year={2001},
  organization={ACM}
}
@inproceedings{dunlop2001dynamic,
  title={Dynamic policy model for large evolving enterprises},
  author={Dunlop, Nicole and Indulska, Jadwiga and Raymond, Kerry},
  booktitle={Enterprise Distributed Object Computing Conference},
  pages={193--197},
  year={2001},
  organization={IEEE}
}
@article{rissanen2013extensible,
  title={extensible access control markup language (xacml) version 3.0},
  author={Rissanen, Erik and others},
  journal={OASIS standard},
  volume={22},
  year={2013}
}
@article{turkmen2017formal,
  title={Formal analysis of XACML policies using SMT},
  author={Turkmen, Fatih and den Hartog, Jerry and Ranise, Silvio and Zannone, Nicola},
  journal={Computers \& Security},
  volume={66},
  pages={185--203},
  year={2017},
  publisher={Elsevier}
}
@inproceedings{son2017rew,
  title={REW-SMT: A New Approach for Rewriting XACML Request with Dynamic Big Data Security Policies},
  author={Son, Ha Xuan and Dang, Tran Khanh and Massacci, Fabio},
  booktitle={International Conference on Security, Privacy and Anonymity in Computation, Communication and Storage},
  pages={501--515},
  year={2017},
  organization={Springer}
}
@inproceedings{son2016rew,
  title={Rew-XAC: an approach to rewriting request for elastic ABAC enforcement with dynamic policies},
  author={Son, Ha Xuan and Tran, Luong Khiem and Dang, Tran Khanh and Pham, Yen Nhi},
  booktitle={Advanced Computing and Applications (ACOMP)},
  pages={25--31},
  year={2016},
  organization={IEEE}
}
@article{gope2016novel,
  title={A novel reference security model with the situation based access policy for accessing ephr data},
  author={Gope, Prosanta and Amin, Ruhul},
  journal={Journal of medical systems},
  volume={40},
  number={11},
  pages={242},
  year={2016},
  publisher={Springer}
}
@article{zhang2014role,
  title={Role-based and time-bound access and management of EHR data},
  author={Zhang, Rui and Liu, Ling and Xue, Rui},
  journal={Security and Communication Networks},
  volume={7},
  number={6},
  pages={994--1015},
  year={2014},
  publisher={Wiley Online Library}
}
@inproceedings{farinha2010legislation,
  title={From Legislation to Practice-A Case Study of Break the Glass in Healthcare.},
  author={Farinha, Pedro and Correia, Ricardo Jo{\~a}o Cruz and Antunes, Luis Filipe Coelho and Almeida, Filipe and Ferreira, Ana Margarida},
  booktitle={HEALTHINF},
  pages={114--120},
  year={2010}
}
@inproceedings{ferreira2006break,
  title={How to break access control in a controlled manner},
  author={Ferreira, Anna and Cruz-Correia, Ricardo and Antunes, Luis and Farinha, Pedro and Oliveira-Palhares, E and Chadwick, David W and Costa-Pereira, Altamiro},
  booktitle={Computer-Based Medical Systems, 2006. CBMS 2006. 19th IEEE International Symposium on},
  pages={847--854},
  year={2006},
  organization={IEEE}
}
@inproceedings{rissanen2004towards,
  title={Towards a mechanism for discretionary overriding of access control},
  author={Rissanen, Erik and Firozabadi, Babak Sadighi and Sergot, Marek},
  booktitle={International Workshop on Security Protocols},
  pages={312--319},
  year={2004},
  organization={Springer}
}
@inproceedings{povey1999optimistic,
  title={Optimistic security: a new access control paradigm},
  author={Povey, Dean},
  booktitle={Proceedings of the 1999 workshop on New security paradigms},
  pages={40--45},
  year={1999},
  organization={ACM}
}
@article{joint2004cocir,
  title={COCIR/JIRA Security And Privacy Committee (SPC)},
  author={Joint, NEMA},
  journal={Break-glass: An approach to granting emergency access to healthcare systems},
  year={2004}
}
@inproceedings{maw2014evaluation,
  title={An evaluation of break-the-glass access control model for medical data in wireless sensor networks},
  author={Maw, Htoo Aung and Xiao, Hannan and Christianson, Bruce and Malcolm, James A},
  booktitle={e-Health Networking, Applications and Services (Healthcom), 2014 IEEE 16th International Conference on},
  pages={130--135},
  year={2014},
  organization={IEEE}
}
@inproceedings{ferreira2009securely,
  title={How to securely break into RBAC: the BTG-RBAC model},
  author={Ferreira, Ana and others},
  booktitle={Computer Security Applications Conference},
  pages={23--31},
  year={2009},
  organization={IEEE}
}
@inproceedings{twidle2008ponder2,
  title={Ponder2-a policy environment for autonomous pervasive systems},
  author={Twidle, Kevin and Lupu, Emil and Dulay, Naranker and Sloman, Morris},
  booktitle={Policies for Distributed Systems and Networks, 2008. POLICY 2008. IEEE Workshop on},
  pages={245--246},
  year={2008},
  organization={IEEE}
}
@article{maw2014survey,
  title={A survey of access control models in wireless sensor networks},
  author={Maw, Htoo Aung and others},
  journal={Journal of Sensor and Actuator Networks},
  volume={3},
  number={2},
  pages={150--180},
  year={2014},
  publisher={Multidisciplinary Digital Publishing Institute}
}
@article{yu2011fdac,
  title={FDAC: Toward fine-grained distributed data access control in wireless sensor networks},
  author={Yu, Shucheng and Ren, Kui and Lou, Wenjing},
  journal={IEEE Transactions on Parallel and Distributed Systems},
  volume={22},
  number={4},
  pages={673--686},
  year={2011},
  publisher={IEEE}
}
@inproceedings{garcia2010modular,
  title={Modular context-aware access control for medical sensor networks},
  author={Garcia-Morchon, Oscar and Wehrle, Klaus},
  booktitle={Proceedings of the 15th ACM symposium on Access control models and technologies},
  pages={129--138},
  year={2010},
  organization={ACM}
}
@inproceedings{maw2013adaptive,
  title={An adaptive access control model for medical data in wireless sensor networks},
  author={Maw, Htoo Aung and Xiao, Hannan and Christianson, Bruce},
  booktitle={e-Health Networking, Applications \& Services (Healthcom), 15th International Conference on},
  pages={303--309},
  year={2013},
  organization={IEEE}
}
@inproceedings{maw2012adaptive,
  title={An adaptive access control model with privileges overriding and behaviour monitoring in wireless sensor networks},
  author={Maw, Htoo Aung and Xiao, Hannan and Christianson, Bruce},
  booktitle={Proceedings of the 8h ACM symposium on QoS and security for wireless and mobile networks},
  pages={81--84},
  year={2012},
  organization={ACM}
}
@inproceedings{ferreira2006break,
  title={How to break access control in a controlled manner},
  author={Ferreira, Anna and Cruz-Correia, Ricardo and Antunes, Luis and Farinha, Pedro and Oliveira-Palhares, E and Chadwick, David W and Costa-Pereira, Altamiro},
  booktitle={Computer-Based Medical Systems, 19th IEEE International Symposium on},
  pages={847--854},
  year={2006},
  organization={IEEE}
}
@inproceedings{georgakakis2011spatio,
  title={Spatio temporal emergency role based access control (STEM-RBAC): A time and location aware role based access control model with a break the glass mechanism},
  author={Georgakakis, Emmanouil and others},
  booktitle={Computers and Communications},
  pages={764--770},
  year={2011},
  organization={IEEE}
}
@article{rezaeibagha2016distributed,
  title={Distributed clinical data sharing via dynamic access-control policy transformation},
  author={Rezaeibagha, Fatemeh and Mu, Yi},
  journal={International journal of medical informatics},
  volume={89},
  pages={25--31},
  year={2016},
  publisher={Elsevier}
}
@article{dong2014achieving,
  title={Achieving an effective, scalable and privacy-preserving data sharing service in cloud computing},
  author={Dong, Xin and Yu, Jiadi and Luo, Yuan and Chen, Yingying and Xue, Guangtao and Li, Minglu},
  journal={Computers \& security},
  volume={42},
  pages={151--164},
  year={2014},
  publisher={Elsevier}
}
@article{liu2015secure,
  title={Secure sharing of personal health records in cloud computing: ciphertext-policy attribute-based signcryption},
  author={Liu, Jianghua and Huang, Xinyi and Liu, Joseph K},
  journal={Future Generation Computer Systems},
  volume={52},
  pages={67--76},
  year={2015},
  publisher={Elsevier}
}
@article{maw2016btg,
  title={BTG-AC: break-the-glass access control model for medical data in wireless sensor networks},
  author={Maw, Htoo Aung and Xiao, Hannan and Christianson, Bruce and Malcolm, James A},
  journal={IEEE journal of biomedical and health informatics},
  volume={20},
  number={3},
  pages={763--774},
  year={2016},
  publisher={IEEE}
}
@inproceedings{ardagna2008regulating,
  title={Regulating exceptions in healthcare using policy spaces},
  author={Ardagna, Claudio Agostino and others},
  booktitle={IFIP Annual Conference on Data and Applications Security and Privacy},
  pages={254--267},
  year={2008},
  organization={Springer}
}
@article{gert2005emergencies,
  title={How are emergencies different from other medical situations?},
  author={Gert, Heather J},
  journal={Mount Sinai journal of medicine},
  volume={72},
  number={4},
  pages={216--220},
  year={2005},
  publisher={Baltimore: Mount Sinai Hospital, 1970-}
}
@inproceedings{gupta2006criticality,
  title={Criticality aware access control model for pervasive applications},
  author={Gupta, Sandeep KS and Mukherjee, Tridib and Venkatasubramanian, Krishna},
  booktitle={Pervasive Computing and Communications, 2006. PerCom 2006. Fourth Annual IEEE International Conference on},
  pages={5--pp},
  year={2006},
  organization={IEEE}
}
@inproceedings{han2006managing,
  title={Managing exceptions in the medical workflow systems},
  author={Han, Minmin and Thiery, Thomas and Song, Xiping},
  booktitle={Proceedings of the 28th international conference on Software engineering},
  pages={741--750},
  year={2006},
  organization={ACM}
}
@inproceedings{keppler2006redirection,
  title={Redirection policies for mission-based information sharing},
  author={Keppler, David and Swarup, Vipin and Jajodia, Sushil},
  booktitle={Proceedings of the eleventh ACM symposium on Access control models and technologies},
  pages={210--218},
  year={2006},
  organization={ACM}
}
@inproceedings{rostad2006study,
  title={A study of access control requirements for healthcare systems based on audit trails from access logs},
  author={Rostad, Lillian and Edsberg, Ole},
  booktitle={Computer Security Applications Conference, 2006. ACSAC'06. 22nd Annual},
  pages={175--186},
  year={2006},
  organization={IEEE}
}
@article{liu2016ts,
  title={Ts-RBAC: A RBAC model with transformation},
  author={Liu, Gang and Zhang, Runnan and Song, Huimin and Wang, Can and Liu, Jinhui and Liu, Aijun},
  journal={Computers \& Security},
  volume={60},
  pages={52--61},
  year={2016},
  publisher={Elsevier}
}
@inproceedings{brucker2009extending,
  title={Extending access control models with break-glass},
  author={Brucker, Achim D and Petritsch, Helmut},
  booktitle={Proceedings of the 14th ACM symposium on Access control models and technologies},
  pages={197--206},
  year={2009},
  organization={ACM}
}
@inproceedings{rissanen2004towards,
  title={Towards a mechanism for discretionary overriding of access control},
  author={Rissanen, Erik and Firozabadi, Babak Sadighi and Sergot, Marek},
  booktitle={International Workshop on Security Protocols},
  pages={312--319},
  year={2004},
  organization={Springer}
}
@inproceedings{georgakakis2011spatio,
  title={Spatio temporal emergency role based access control (STEM-RBAC): A time and location aware role based access control model with a break the glass mechanism},
  author={Georgakakis, Emmanouil and Nikolidakis, Stefanos A and Vergados, Dimitrios D and Douligeris, Christos},
  booktitle={Computers and Communications (ISCC), 2011 IEEE Symposium on},
  pages={764--770},
  year={2011},
  organization={IEEE}
}
@inproceedings{ferreira2009securely,
  title={How to securely break into RBAC: the BTG-RBAC model},
  author={Ferreira, Ana and Chadwick, David and Farinha, Pedro and Correia, Ricardo and Zao, Gansen and Chilro, Rui and Antunes, Luis},
  booktitle={Computer Security Applications Conference, 2009. ACSAC'09. Annual},
  pages={23--31},
  year={2009},
  organization={IEEE}
}
@inproceedings{schefer2013generic,
  title={Generic support for RBAC break-glass policies in process-aware information systems},
  author={Schefer-Wenzl, Sigrid and Strembeck, Mark},
  booktitle={Proceedings of the 28th Annual ACM Symposium on Applied Computing},
  pages={1441--1446},
  year={2013},
  organization={ACM}
}
@article{schefer2014model,
  title={Model-driven specification and enforcement of RBAC break-glass policies for process-aware information systems},
  author={Schefer-Wenzl, Sigrid and Strembeck, Mark},
  journal={Information and Software Technology},
  volume={56},
  number={10},
  pages={1289--1308},
  year={2014},
  publisher={Elsevier}
}
@inproceedings{grandison2007impact,
  title={The impact of industry constraints on model-driven data disclosure controls},
  author={Grandison, Tyrone and Davis, John},
  booktitle={Proc. of the 1st International Workshop on Model-Based Trustworthy Health Information Systems (MOTHIS)},
  year={2007}
}
@Comment{jabref-meta: databaseType:bibtex;}
